@misc{objectsel,
	author={Wikibooks},
	title={Object selection},
	note={\url{http://en.wikibooks.org/wiki/OpenGL_Programming/Object_selection}}
}